@article{Malavolta2013,
 author = {Malavolta, Ivano and Lago, Patricia and Muccini, Henry and Pelliccione, Patrizio and Tang, Antony},
 title = {{What Industry Needs from Architectural Languages: A Survey}},
 journal = {IEEE Transactions on Software Engineering},
 issue_date = {June 2013},
 volume = {39},
 number = {6},
 month = jun,
 year = {2013},
 @issn = {0098-5589},
 pages = {869--891},
 numpages = {23},
 @url = {http://dx.doi.org/10.1109/TSE.2012.74},
 @doi = {10.1109/TSE.2012.74},
 acmid = {2498851},
 publisher = {IEEE Press},
 address = {Piscataway, NJ, USA},
 keywords = {Unified modeling language,Software architecture,Computer architecture,Industries,Communities,Software,Google,empirical study,Software architecture,architecture description languages,ADL,survey},
} 
